<record><leader>00000cas a22000007a 4500</leader><controlfield tag="001">18563399</controlfield><controlfield tag="008">881004d18uu18uutxuwr ne      0    0eng d</controlfield><datafield ind1=" " ind2=" " tag="010"><subfield code="a">sn 88084262 </subfield></datafield><datafield ind1=" " ind2=" " tag="040"><subfield code="a">PPM</subfield><subfield code="b">eng</subfield><subfield code="c">PPM</subfield><subfield code="d">OCLCQ</subfield></datafield><datafield ind1=" " ind2=" " tag="042"><subfield code="a">msc</subfield></datafield><datafield ind1="0" ind2=" " tag="130"><subfield code="a">Orange leader (Orange, Tex. : 1892)</subfield></datafield><datafield ind1="1" ind2="4" tag="245"><subfield code="a">The Orange leader.</subfield></datafield><datafield ind1=" " ind2=" " tag="260"><subfield code="a">Orange, Tex. :</subfield><subfield code="b">P.B. Curry</subfield></datafield><datafield ind1=" " ind2=" " tag="310"><subfield code="a">Weekly</subfield></datafield><datafield ind1=" " ind2=" " tag="588"><subfield code="a">Description based on: Vol. 2, no. 6 (July 1, 1892).</subfield></datafield><datafield ind1=" " ind2=" " tag="752"><subfield code="a">United States</subfield><subfield code="b">Texas</subfield><subfield code="c">Orange</subfield><subfield code="d">Orange.</subfield></datafield><datafield ind1="0" ind2="7" tag="785"><subfield code="t">Orange weekly tribune (Orange, Tex.)</subfield><subfield code="w">(OCoLC)14564089</subfield></datafield><datafield ind1="0" ind2="7" tag="785"><subfield code="t">Orange leader and weekly tribune</subfield><subfield code="w">(OCoLC)14555045</subfield></datafield></record>